@article{sarra2009multiquadric,
  title={Multiquadric radial basis function approximation methods for the numerical solution of partial differential equations},
  author={Sarra, Scott A and Kansa, Edward J},
  journal={Advances in Computational Mechanics},
  volume={2},
  number={2},
  pages={220},
  year={2009},
  publisher={Tech Science Press Henderson, NV, USA}
}

@book{fasshauer2007meshfree,
  title={Meshfree approximation methods with MATLAB},
  author={Fasshauer, Gregory E},
  volume={6},
  year={2007},
  publisher={World Scientific}
}

@article{cuomo2022scientific,
  title={Scientific machine learning through physics--informed neural networks: Where we are and whatâ€™s next},
  author={Cuomo, Salvatore and Di Cola, Vincenzo Schiano and Giampaolo, Fabio and Rozza, Gianluigi and Raissi, Maziar and Piccialli, Francesco},
  journal={Journal of Scientific Computing},
  volume={92},
  number={3},
  pages={88},
  year={2022},
  publisher={Springer}
}

@book{fornberg2015primer,
  title={A primer on radial basis functions with applications to the geosciences},
  author={Fornberg, Bengt and Flyer, Natasha},
  year={2015},
  publisher={SIAM}
}

@article{jones2023generalized,
  title={Generalized moving least squares vs. radial basis function finite difference methods for approximating surface derivatives},
  author={Jones, Andrew M and Bosler, Peter A and Kuberry, Paul A and Wright, Grady B},
  journal={Computers \& Mathematics with Applications},
  volume={147},
  pages={1--13},
  year={2023},
  publisher={Elsevier}
}

@article{glaubitz2024energy,
  title={Energy-stable global radial basis function methods on summation-by-parts form},
  author={Glaubitz, Jan and Nordstr{\"o}m, Jan and {\"O}ffner, Philipp},
  journal={Journal of Scientific Computing},
  volume={98},
  number={1},
  pages={30},
  year={2024},
  publisher={Springer}
}

@article{lux2021interpolation,
  title={Interpolation of sparse high-dimensional data},
  author={Lux, Thomas CH and Watson, Layne T and Chang, Tyler H and Hong, Yili and Cameron, Kirk},
  journal={Numerical Algorithms},
  volume={88},
  pages={281--313},
  year={2021},
  publisher={Springer}
}

%References i've been finding
@article{cybenko1989approximation,
  title={Approximation by superpositions of a sigmoidal function},
  author={Cybenko, George},
  journal={Mathematics of control, signals and systems},
  volume={2},
  number={4},
  pages={303--314},
  year={1989},
  publisher={Springer}
}

@article{lu2021deepxde,
  title={{DeepXDE}: {A} deep learning library for solving differential equations},
  author={Lu, Lu and Meng, Xuhui and Mao, Zhiping and Karniadakis, George Em},
  journal={SIAM review},
  volume={63},
  number={1},
  pages={208--228},
  year={2021},
  publisher={SIAM}
}

@book{chollet2021deep,
  title={Deep learning with Python},
  author={Chollet, Francois},
  year={2021},
  publisher={Simon and Schuster}
}

@article{cheney1966introduction,
  title={Introduction to approximation theory},
  author={Cheney, Elliott Ward},
  year={1966}
}

@book{cheneylight2009course,
  title={A course in approximation theory},
  author={Cheney, Elliott Ward and Light, William Allan},
  volume={101},
  year={2009},
  publisher={American Mathematical Soc.}
}

@article{titchmarsh1939theory,
  title={The theory of functions},
  author={Titchmarsh, Edward C},
  year={1939},
  publisher={Oxford University Press, USA}
}

@misc{broomhead1988multivariable,
  title={Multivariable functional interpolation and adaptive networks, complex systems, vol. 2},
  author={Broomhead, D and Lowe, D},
  year={1988}
}

@article{zadeh1988fuzzy,
  title={Fuzzy logic},
  author={Zadeh, Lotfi Asker},
  journal={Computer},
  volume={21},
  number={4},
  pages={83--93},
  year={1988},
  publisher={IEEE}
}

@article{russell2005ai,
  title={AI a modern approach},
  author={Russell, Stuart and Norvig, Peter},
  journal={Learning},
  volume={2},
  number={3},
  pages={4},
  year={2005}
}

@article{hardy1971multiquadric,
  title={Multiquadric equations of topography and other irregular surfaces},
  author={Hardy, Rolland L},
  journal={Journal of geophysical research},
  volume={76},
  number={8},
  pages={1905--1915},
  year={1971},
  publisher={Wiley Online Library}
}

@book{micchelli1984interpolation,
  title={Interpolation of scattered data: distance matrices and conditionally positive definite functions},
  author={Micchelli, Charles A},
  year={1984},
  publisher={Springer}
}

@article{DEMARCHI2021125628,
title = {Multivariate approximation at fake nodes},
journal = {Applied Mathematics and Computation},
volume = {391},
pages = {125628},
year = {2021},
issn = {0096-3003},
doi = {https://doi.org/10.1016/j.amc.2020.125628},
url = {https://www.sciencedirect.com/science/article/pii/S0096300320305828},
author = {S. {De Marchi} and F. Marchetti and E. Perracchione and D. Poggiali},
keywords = {Multivariate polynomial interpolation, Kernel-based interpolation, Gibbs phenomenon, Runge phenomenon, Mapped bases},
abstract = {The main goal of the present paper is to extend the interpolation via the so-called mapped bases without resampling to any basis and dimension. So far indeed, we investigated the univariate case, its extension to rational polynomial interpolation and its natural application to numerical integration. The concept of mapped bases has been widely studied, but all the proposed methods show convergence provided that the function is resampled at the mapped nodes. In applications, this is often physically unfeasible. Thus, we propose an effective method for interpolating via mapped bases in the multivariate setting. We might refer to the method as Fake Nodes Approach (FNA). Our theoretical results are confirmed by various numerical experiments devoted to point out the robustness of the proposed scheme.}
}

@article{verma2000introduction,
  title={An introduction to automatic differentiation},
  author={Verma, Arun},
  journal={Current Science},
  pages={804--807},
  year={2000},
  publisher={JSTOR}
}

@article{hryniowski2018polyneuron,
  title={Polyneuron: Automatic neuron discovery via learned polyharmonic spline activations},
  author={Hryniowski, Andrew and Wong, Alexander},
  journal={arXiv preprint arXiv:1811.04303},
  year={2018}
}

@article{oh2004gpu,
  title={GPU implementation of neural networks},
  author={Oh, Kyoung-Su and Jung, Keechul},
  journal={Pattern Recognition},
  volume={37},
  number={6},
  pages={1311--1314},
  year={2004},
  publisher={Elsevier}
}

@article{baydin2018automatic,
  title={Automatic differentiation in machine learning: a survey},
  author={Baydin, Atilim Gunes and Pearlmutter, Barak A and Radul, Alexey Andreyevich and Siskind, Jeffrey Mark},
  journal={Journal of machine learning research},
  volume={18},
  number={153},
  pages={1--43},
  year={2018}
}

@article{fornberg2002observations,
  title={Observations on the behavior of radial basis function approximations near boundaries},
  author={Fornberg, Bengt and Driscoll, Tobin A and Wright, Grady and Charles, Richard},
  journal={Computers \& Mathematics with Applications},
  volume={43},
  number={3-5},
  pages={473--490},
  year={2002},
  publisher={Elsevier}
}

@book{trefethen2000spectral,
  title={Spectral methods in MATLAB},
  author={Trefethen, Lloyd N},
  year={2000},
  publisher={SIAM}
}